@book{eisberg,
author = {Eisberg, R and Eisberg, R M and Resnick, R and Caldwell, D O and Derringh, E and Christman, J R and Sons, John Wiley {\&}},
isbn = {9780471873730},
publisher = {Wiley},
series = {Quantum Physics of Atoms, Molecules, Solids, Nuclei and Particles},
title = {{Quantum Physics of Atoms, Molecules, Solids, Nuclei, and Particles}},
url = {https://books.google.com.br/books?id=mv5QAAAAMAAJ},
year = {1985}
}
@book{mcquarrie,
author = {McQuarrie, D A},
isbn = {9781891389504},
publisher = {University Science Books},
title = {{Quantum Chemistry}},
url = {https://books.google.com.br/books?id=zzxLTIljQB4C},
year = {2008}
}
@book{braga,
author = {Braga, João Pedro},
isbn = {8572692673},
keywords = {braga},
pages = {272},
publisher = {Editora UFV},
title = {{Fundamentos de Química Quântica}},
url = {https://www.editoraufv.com.br/produto/fundamentos-de-quimica-quantica/1108949},
year = {2007}
}
@book{tipler,
author = {Tipler, P A and Llewellyn, R},
isbn = {9780716743453},
publisher = {W. H. Freeman},
title = {{Modern Physics}},
url = {https://books.google.com.br/books?id=tpU18JqcSNkC},
year = {2003}
}
@book{nussenzveig,
author = {Nussenzveig, H M},
isbn = {9788521201632},
publisher = {Edgard Blucher},
series = {Curso de física básica},
title = {{Curso de física básica: ótica, relatividade, física quântica}},
url = {https://books.google.com.br/books?id=KjHjAAAACAAJ},
year = {2003}
}
