@book{Alvarenga2000,
   author = {Beatriz Alvarenga and Antônio Máximo},
   city = {São Paulo},
   publisher = {Editora Scipione},
   title = {Curso de Física Volume 1},
   volume = {1},
   year = {2000},
}
