@book{halliday2013fundamentals,
author = {Halliday, D and Resnick, R and Walker, J},
isbn = {9781118473818},
publisher = {John Wiley \& Sons, Incorporated},
title = {{Fundamentals of Physics Extended, 10th Edition}},
url = {https://books.google.com.br/books?id=DTccAAAAQBAJ},
year = {2013}
}
@book{nussenzveig2003curso,
author = {Nussenzveig, H M},
isbn = {9788521201632},
publisher = {Edgard Blucher},
series = {Curso de f{\'\i}sica b{\'{a}}sica},
title = {{Curso de f{\'{i}}sica b{\'{a}}sica: {\'{o}}tica, relatividade, f{\'{i}}sica qu{\^{a}}ntica}},
url = {https://books.google.com.br/books?id=KjHjAAAACAAJ},
year = {2003}
}
@book{tipler2003modern,
author = {Tipler, P A and Llewellyn, R},
isbn = {9780716743453},
publisher = {W. H. Freeman},
title = {{Modern Physics}},
url = {https://books.google.com.br/books?id=tpU18JqcSNkC},
year = {2003}
}
