@book{halliday,
author = {D. Halliday, R. Resnick, J. Walker},
publisher = {LTC},
title = {Fundamentos de física. Gravitação, ondas e termodinâmica},
year = {2016}
}

