@book{halliday,
author = {Halliday, D and Resnick, R and Walker, J},
isbn = {9781118473818},
publisher = {John Wiley \& Sons, Incorporated},
title = {{Fundamentals of Physics Extended, 10th Edition}},
url = {https://books.google.com.br/books?id=DTccAAAAQBAJ},
year = {2013}
}
